<?xml version="1.0" encoding="UTF-8"?><collection xmlns="http://www.loc.gov/MARC21/slim"><record><leader>00431nam--2200169-i-4500</leader><controlfield tag="001">000016044</controlfield><controlfield tag="002">20161230</controlfield><controlfield tag="005">20161230201031</controlfield><controlfield tag="008">060222s1000------------r-----000-0-eng-d</controlfield><datafield ind1=" " ind2=" " tag="040"><subfield code="a">IFIN-HH</subfield></datafield><datafield ind1=" " ind2=" " tag="080"><subfield code="a">539.1:001</subfield></datafield><datafield ind1="1" ind2=" " tag="100"><subfield code="a">Bohr, Niels</subfield></datafield><datafield ind1="1" ind2="0" tag="245"><subfield code="a">Atomic physics and human knowledge</subfield><subfield code="c">Niels bohr</subfield></datafield><datafield ind1=" " ind2=" " tag="260"><subfield code="a">New York</subfield><subfield code="b">John Wiley &amp; Sons, Inc</subfield><subfield code="c">1958</subfield></datafield><datafield ind1=" " ind2=" " tag="300"><subfield code="a">101P</subfield></datafield><datafield ind1=" " ind2=" " tag="852"><subfield code="a">13720</subfield><subfield code="c">539</subfield></datafield><datafield ind1=" " ind2=" " tag="CAT"><subfield code="a">Sys</subfield><subfield code="c">20110926</subfield><subfield code="h">153624</subfield></datafield></record></collection>